% Encoding: UTF-8




@article{kozlowski2020scarring,
	title={Scarring Body and Mind: The Long-Term Belief-Scarring Effects of COVID-19},
	author={Kozlowski, Julian and Veldkamp, Laura and Venkateswaran, Venky},
	journal={FRB St. Louis Working Paper},
	number={2020-009},
	year={2020}
}


@article{cepal2020dimensionar,
	title={Dimensionar los efectos del COVID-19 para pensar en la reactivaci{\'o}n},
	author={CEPAL, NU},
	year={2020},
	publisher={CEPAL}
}


@article{mundial2020economia,
	title={La econom{\'\i}a en los tiempos del Covid-19},
	author={Mundial, Banco},
	journal={LAC Semiannual Report},
	year={2020}
}


@article{penafiel2020pandemia,
	title={Pandemia Pandemia COVID-19: Situaci{\'o}n pol{\'\i}tica-econ{\'o}mica y consecuencias sanitarias en Am{\'e}rica Latina},
	author={Pe{\~n}afiel-Chang, Luis and Camelli, Gisella and Pe{\~n}afiel-Chang, Paolo},
	journal={CIENCIA UNEMI},
	volume={13},
	number={33},
	pages={120--128},
	year={2020}
}


@book{feres2001enfoques,
	title={Enfoques para la medici{\'o}n de la pobreza: breve revisi{\'o}n de la literatura},
	author={Feres, Juan Carlos and Mancero, Xavier},
	year={2001},
	publisher={Cepal}
}



@book{wickham2016r,
	title={R for data science: import, tidy, transform, visualize, and model data},
	author={Wickham, Hadley and Grolemund, Garrett},
	year={2016},
	publisher={" O'Reilly Media, Inc."}
}


@book{mendenhall1994estadistica,
	title={Estad{\'\i}stica matem{\'a}tica con aplicaciones},
	author={Mendenhall, William and Scheaffer, Richard L and Wackerly, Dennis D},
	year={1994},
	publisher={Grupo Editorial Iberoam{\'e}rica,}
}

@article{anderson2012estadistica,
	title={Estad{\'\i}stica para negocios y econom{\'\i}a (onceava ed.)},
	author={Anderson, D and Sweeney, D and Williams, T and Camm, J and Cochran, J},
	journal={M{\'e}xico, DF: CENGAGE, Learning},
	year={2012}
}


@article{sen1985well,
	title={Well-being, agency and freedom: The Dewey lectures 1984},
	author={Sen, Amartya},
	journal={The journal of philosophy},
	volume={82},
	number={4},
	pages={169--221},
	year={1985},
	publisher={JSTOR}
}

@Article{Foster,
	author    = {Foster and Thorbecke},
	title     = {A class of decomposable poverty measures},
	journal   = {Econometrica: journal of the econometric society},
	year      = {1984},
	pages     = {761-766},
	publisher = {JSTOR},
}


@misc{navarro2007indice,
	title={El {\'I}ndice de Pobreza Foster Greer Thorbecke (FGT): Una Aplicaci{\'o}n para Michoac{\'a}n y sus Municipios, 1980--2000},
	author={Navarro, Jos{\'e} and Ch{\'a}vez, Janett},
	year={2007},
	publisher={M{\'e}xico}
}


@article{foster1984class,
	title={A class of decomposable poverty measures},
	author={Foster, James and Greer, Joel and Thorbecke, Erik},
	journal={Econometrica: journal of the econometric society},
	pages={761--766},
	year={1984},
	publisher={JSTOR}
}

%-----Cepal
@article{cepal2020dimensionar,
	title={Dimensionar los efectos del COVID-19 para pensar en la reactivaci{\'o}n},
	author={CEPAL, NU},
	year={2020},
	publisher={CEPAL}
}


@article{cepal2020desafio,
	title={El desaf{\'\i}o social en tiempos del COVID-19},
	author={CEPAL, NU},
	year={2020}
}

@Comment{jabref-meta: databaseType:bibtex;}
\end{document}

